@online{nacoesunidasdesenvolvimento,
    title={Programa das Nações Unidas para o Desenvolvimento – PNUD. Estudo sobre o Potencial de Geração de Energia a partir de Resíduos de Saneamento (lixo, esgoto), visando incrementar o uso de biogás como fonte alternativa de energia renovável},
    url={http://www.mma.gov.br/estruturas/164/_publicacao/164_publicacao10012011033201.pdf},
    urldate={15-10-2016},
    keywords={energia,renovavel,saneamento,lixo,residuos}
}

@online{lei12305,
    title     = {Brasil. Lei Nº 12.305, de 2 de agosto de 2010},
    url       = {http://www.planalto.gov.br/ccivil_03/_ato2007-2010/2010/lei/l12305.htm},
    urldate   = {30-11-2016},
    keywords  = {lei,brasil}
}

@online{decretolei5940,
    title     = {Brasil. Decreto-lei Nº 5.940, de 25 de outubro de 2006},
    url       = {http://www.planalto.gov.br/ccivil_03/_Ato2004-2006/2006/Decreto/D5940.htm},
    urldate   = {30-11-2016},
    keywords  = {decreto,lei,brasil}
}

@article{abntnrb13523,
  author =       {Associação Brasileira de Normas Técnicas},
  title =        {ABNT NBR 13523. Central de gás liquefeito de petróleo – GLP}.({Rio de Janeiro, RJ}),
  year =         {2018},
  keywords =     {abnt,glp}
}

@article{viabilidadefinanceirabiogas,
  author =       {Capatan, D.C and Capatan, A and Rosset, N.R and Harzer, J.H},
  title =        {Análise da viabilidade financeira da produção de biogás através de dejetos de equinos},
  year =         {2012},
  keywords =     {viabilidade,biogas}
}

@article{reduceammoniaandodor,
  author =       {McCROY, D. F. and HOBBS, P. J},
  title =        {Additivies to reduce ammonia and odor emissions from livestock wastes: a review.Journal of Environmental Quality}. ({Madison}),
  volume =       {30},
  pages =        {345--355},
  year =         {2001},
  keywords =     {ammonia,emissions,livestock}
}

@article{treinamentobiodigestao,
  author =       {OLIVER, André de Paula Moniz and NETO, Aurélio de Andrade Souza and QUADROS, Danilo Gusmão and VALLADARES, Renata Everett},
  title =        {Manual de Treinamento em Biodigestão}. ({Instituto Winrock, Universidade do Estado da Bahia, Brasil})},
  year =         {2008},
  keywords =     {treinamento,biodigestao}
}

@article{,
  author =       {CHEMICHARO, Carlos Augusto de Lemos. STUETZ,Richard Michael. SOUZA,Cláudio Leite,MELO, Gilberto Caldeira Bandeira},
  title =        {{Alternativas para o controle de emissões odorantes em reatores anaeróbios tratando esgoto doméstico}. ({UFMG})},
  year =         {2010},
  keywords =     {emissoes,reatores,anaerobios,esgoto}
}

@article{abntnrb15526,
  author =       {Associação Brasileira de Normas Técnicas},
  title =        {{BNT NBR 15526. Redes de distribuição interna para gases combustíveis em instalações residenciais e comerciais – Projeto e execução}. ({Rio de Janeiro})},
  year =         {2009},
  keywords =     {distribuicao,gases,instalacoes}
}

@article{,
  author =       {DENAGUTTI, Roberto; PALHACI, Maria do Carmo Jampaulo Plácido},
  title =        {{Biodigestores rurais: modelo indiano, chinês e batelada}. ({UNESP. Bauru, SP}) },
  year =         {2002},
  keywords =     {biodigestores,rurais}
}

@article{,
  author =       {OLIVER, André de Paula Moniz},
  title =       {{Manual de treinamento em biodigestão}. ({Winrock. Salvador, BA}) },
  year =         {2008},
  keywords =     {manual,biodigestao}
}
